%YAML 1.1
%TAG !u! tag:unity3d.com,2011:
--- !u!1001 &100100000
Prefab:
  m_ObjectHideFlags: 1
  serializedVersion: 2
  m_Modification:
    m_TransformParent: {fileID: 0}
    m_Modifications: []
    m_RemovedComponents: []
  m_SourcePrefab: {fileID: 0}
  m_RootGameObject: {fileID: 1452481535801634}
  m_IsPrefabAsset: 1
--- !u!1 &1162482343019448
GameObject:
  m_ObjectHideFlags: 0
  m_CorrespondingSourceObject: {fileID: 0}
  m_PrefabInternal: {fileID: 100100000}
  serializedVersion: 6
  m_Component:
  - component: {fileID: 4710283288018148}
  - component: {fileID: 114214017412765566}
  m_Layer: 0
  m_Name: DayNightHandler
  m_TagString: Untagged
  m_Icon: {fileID: 0}
  m_NavMeshLayer: 0
  m_StaticEditorFlags: 0
  m_IsActive: 1
--- !u!1 &1232171198891314
GameObject:
  m_ObjectHideFlags: 0
  m_CorrespondingSourceObject: {fileID: 0}
  m_PrefabInternal: {fileID: 100100000}
  serializedVersion: 6
  m_Component:
  - component: {fileID: 4448688911972618}
  - component: {fileID: 114634259341743154}
  m_Layer: 0
  m_Name: UIHandler
  m_TagString: Untagged
  m_Icon: {fileID: 0}
  m_NavMeshLayer: 0
  m_StaticEditorFlags: 0
  m_IsActive: 1
--- !u!1 &1452481535801634
GameObject:
  m_ObjectHideFlags: 0
  m_CorrespondingSourceObject: {fileID: 0}
  m_PrefabInternal: {fileID: 100100000}
  serializedVersion: 6
  m_Component:
  - component: {fileID: 4966122859019808}
  - component: {fileID: 114454087668339228}
  - component: {fileID: 114254302587691716}
  - component: {fileID: 114700407741904136}
  - component: {fileID: 114019879768537746}
  m_Layer: 0
  m_Name: Manager
  m_TagString: Untagged
  m_Icon: {fileID: 0}
  m_NavMeshLayer: 0
  m_StaticEditorFlags: 0
  m_IsActive: 1
--- !u!4 &4448688911972618
Transform:
  m_ObjectHideFlags: 1
  m_CorrespondingSourceObject: {fileID: 0}
  m_PrefabInternal: {fileID: 100100000}
  m_GameObject: {fileID: 1232171198891314}
  m_LocalRotation: {x: 0, y: 0, z: 0, w: 1}
  m_LocalPosition: {x: 0, y: 0, z: 0}
  m_LocalScale: {x: 1, y: 1, z: 1}
  m_Children: []
  m_Father: {fileID: 4966122859019808}
  m_RootOrder: 1
  m_LocalEulerAnglesHint: {x: 0, y: 0, z: 0}
--- !u!4 &4710283288018148
Transform:
  m_ObjectHideFlags: 1
  m_CorrespondingSourceObject: {fileID: 0}
  m_PrefabInternal: {fileID: 100100000}
  m_GameObject: {fileID: 1162482343019448}
  m_LocalRotation: {x: 0, y: 0, z: 0, w: 1}
  m_LocalPosition: {x: 0, y: 0, z: 0}
  m_LocalScale: {x: 1, y: 1, z: 1}
  m_Children: []
  m_Father: {fileID: 4966122859019808}
  m_RootOrder: 0
  m_LocalEulerAnglesHint: {x: 0, y: 0, z: 0}
--- !u!4 &4966122859019808
Transform:
  m_ObjectHideFlags: 1
  m_CorrespondingSourceObject: {fileID: 0}
  m_PrefabInternal: {fileID: 100100000}
  m_GameObject: {fileID: 1452481535801634}
  m_LocalRotation: {x: 0, y: 0, z: 0, w: 1}
  m_LocalPosition: {x: 0, y: 0, z: 0}
  m_LocalScale: {x: 1, y: 1, z: 1}
  m_Children:
  - {fileID: 4710283288018148}
  - {fileID: 4448688911972618}
  m_Father: {fileID: 0}
  m_RootOrder: 0
  m_LocalEulerAnglesHint: {x: 0, y: 0, z: 0}
--- !u!114 &114019879768537746
MonoBehaviour:
  m_ObjectHideFlags: 1
  m_CorrespondingSourceObject: {fileID: 0}
  m_PrefabInternal: {fileID: 100100000}
  m_GameObject: {fileID: 1452481535801634}
  m_Enabled: 1
  m_EditorHideFlags: 0
  m_Script: {fileID: 11500000, guid: f47bba46e042c9047bb9ea1d96fa6e90, type: 3}
  m_Name: 
  m_EditorClassIdentifier: 
  itemEffect: {fileID: 1769689694155408, guid: 7a9f131d847dbfe43b6ec10bd29806c3, type: 2}
  itemPanel: {fileID: 0}
  allyPanel: {fileID: 0}
  buttonPrefab: {fileID: 1841823345853876, guid: 29d9316a6e3636f4f9015080838094ea,
    type: 2}
--- !u!114 &114214017412765566
MonoBehaviour:
  m_ObjectHideFlags: 1
  m_CorrespondingSourceObject: {fileID: 0}
  m_PrefabInternal: {fileID: 100100000}
  m_GameObject: {fileID: 1162482343019448}
  m_Enabled: 1
  m_EditorHideFlags: 0
  m_Script: {fileID: 11500000, guid: 0c4899b30483bbb4d991f7dde0035958, type: 3}
  m_Name: 
  m_EditorClassIdentifier: 
  sun: {fileID: 0}
  delay: 1.5
  startOnDay: 0
  dayNightUI: {fileID: 0}
  nightSunColor: {r: 0.2471007, g: 0.23544855, b: 0.3490566, a: 1}
  nightAmbientColor: {r: 0.24808252, g: 0.10137059, b: 0.3207547, a: 1}
  nightfogColor: {r: 0.20245358, g: 0.13363297, b: 0.31132078, a: 0.5176471}
  skyboxNight: {fileID: 2100000, guid: 0f4c0639f67fbc0449e3f5ebcd468efd, type: 2}
  daySunColor: {r: 0.8018868, g: 0.7155885, b: 0.5862852, a: 1}
  dayAmbientColor: {r: 0.5021805, g: 0.5754717, b: 0.5754717, a: 1}
  dayfogColor: {r: 0.5035155, g: 0.6250292, b: 0.6886792, a: 0.5176471}
  skyboxDay: {fileID: 2100000, guid: e30b7e1426d7e9040a2aad97fb86d187, type: 2}
--- !u!114 &114254302587691716
MonoBehaviour:
  m_ObjectHideFlags: 1
  m_CorrespondingSourceObject: {fileID: 0}
  m_PrefabInternal: {fileID: 100100000}
  m_GameObject: {fileID: 1452481535801634}
  m_Enabled: 1
  m_EditorHideFlags: 0
  m_Script: {fileID: 11500000, guid: 067897f702f7b084da33e2c83565f104, type: 3}
  m_Name: 
  m_EditorClassIdentifier: 
  buttonPrefab: {fileID: 1841823345853876, guid: 29d9316a6e3636f4f9015080838094ea,
    type: 2}
  enemiesArray: []
  enemyPanel: {fileID: 0}
  selectedEnemy: {fileID: 0}
  playersArray: []
  attackPanel: {fileID: 0}
  attackButtons: []
  isCombatFinished: 0
--- !u!114 &114454087668339228
MonoBehaviour:
  m_ObjectHideFlags: 1
  m_CorrespondingSourceObject: {fileID: 0}
  m_PrefabInternal: {fileID: 100100000}
  m_GameObject: {fileID: 1452481535801634}
  m_Enabled: 1
  m_EditorHideFlags: 0
  m_Script: {fileID: 11500000, guid: 8d278e66c66fba14fa8059999a3e84f1, type: 3}
  m_Name: 
  m_EditorClassIdentifier: 
  turnIndicator: {fileID: 1219997119179802, guid: fe4de180328f0c345a86e9f5d06b9cc9,
    type: 2}
  character_BySpeed: []
  activeCharacterTurn: {fileID: 0}
  characterPics:
  - {fileID: 21300000, guid: f9a286e17c1c4514a9d7d769521c5094, type: 3}
  - {fileID: 21300000, guid: 83125219d35b98047be5341300f39b91, type: 3}
  - {fileID: 21300000, guid: 63d6fb19442c8df4ca72d12daf1a418e, type: 3}
  - {fileID: 21300000, guid: 8bc52de47760424489a817544c6eb1b0, type: 3}
  - {fileID: 21300000, guid: 31d711582af9032409fab1334f1f2feb, type: 3}
  turnBarBackground: {fileID: 0}
  charImage: {fileID: 114942958138110128, guid: c331c6641b6321e42a8ac0003c3ab840,
    type: 2}
--- !u!114 &114634259341743154
MonoBehaviour:
  m_ObjectHideFlags: 1
  m_CorrespondingSourceObject: {fileID: 0}
  m_PrefabInternal: {fileID: 100100000}
  m_GameObject: {fileID: 1232171198891314}
  m_Enabled: 1
  m_EditorHideFlags: 0
  m_Script: {fileID: 11500000, guid: bc6460063ef3cdf4bb1c06fa8aea220a, type: 3}
  m_Name: 
  m_EditorClassIdentifier: 
  resultMenuPanel: {fileID: 0}
  resultText: {fileID: 0}
--- !u!114 &114700407741904136
MonoBehaviour:
  m_ObjectHideFlags: 1
  m_CorrespondingSourceObject: {fileID: 0}
  m_PrefabInternal: {fileID: 100100000}
  m_GameObject: {fileID: 1452481535801634}
  m_Enabled: 1
  m_EditorHideFlags: 0
  m_Script: {fileID: 11500000, guid: e6594ad00626c9346ae21fbbb230a194, type: 3}
  m_Name: 
  m_EditorClassIdentifier: 
  fireTornadoPrefab: {fileID: 1757706075164752, guid: d2f6fdd2b3f8d4a49837a70c11795ea9,
    type: 2}
  skillPanel: {fileID: 0}
  enemyPanel: {fileID: 0}
  buttonPrefab: {fileID: 1841823345853876, guid: 29d9316a6e3636f4f9015080838094ea,
    type: 2}
